% Encoding: UTF-8

@article{groh2012gamification,
  title={Gamification: State of the art definition and utilization},
  author={Groh, Fabian},
  journal={Institute of Media Informatics Ulm University},
  volume={39},
  pages={31},
  year={2012}
}
@inproceedings{huotari2012defining,
  title={Defining gamification: a service marketing perspective},
  author={Huotari, Kai and Hamari, Juho},
  booktitle={Proceeding of the 16th international academic MindTrek conference},
  pages={17--22},
  year={2012},
  organization={ACM}
}

@article{melo2016eficiencia,
  title={Efici{\^e}ncia do uso do aplicativo duolingo no processo de ensino-aprendizagem da l{\'\i}ngua inglesa em uma turma da educa{\c{c}}{\~a}o de jovens e adultos},
  author={Melo, Manoel Alves Tavares de and others},
  year={2016},
  publisher={Universidade Federal da Para{\'\i}ba}
}

@inproceedings{guerra2017approach,
  title={An Approach for Modularizing Gamification Concerns},
  author={Guerra, Eduardo M and Fornari, Gabriel and Costa, Wanderson S and Porto, Sandy M and Candia, Marcos PL and da Silva, Tiago Silva},
  booktitle={International Conference on Computational Science and Its Applications},
  pages={635--651},
  year={2017},
  organization={Springer}
}

@article{johnson1988designing,
  title={Designing reusable classes},
  author={Johnson, Ralph E and Foote, Brian},
  journal={Journal of object-oriented programming},
  volume={1},
  number={2},
  pages={22--35},
  year={1988}
}

@book{gamma2009padroes,
  title={Padr{\~o}es de Projetos: Solu{\c{c}}{\~o}es Reutiliz{\'a}veis},
  author={Gamma, Erich},
  year={2009},
  publisher={Bookman editora}
}

@misc{joy2000java,
  title={The Java language specification},
  author={Joy, Bill and Steele, Guy and Gosling, James and Bracha, Gilad},
  year={2000},
  publisher={Addison-Wesley Reading}
}

@book{arnold2005java,
  title={The Java programming language},
  author={Arnold, Ken and Gosling, James and Holmes, David},
  year={2005},
  publisher={Addison Wesley Professional}
}

@inproceedings{hamari2014does,
  title={Does gamification work?--a literature review of empirical studies on gamification},
  author={Hamari, Juho and Koivisto, Jonna and Sarsa, Harri},
  booktitle={2014 47th Hawaii international conference on system sciences (HICSS)},
  pages={3025--3034},
  year={2014},
  organization={IEEE}
}

@online{esfinge2011,
title = {Esfinge Framework},
author = {Guerra, Eduardo M},
year = {2011},
url = {http://esfinge.sf.net/Oprojeto.html},
urldate = {2018-03-08}
}

@online{esfingegamification2011,
title = {Esfinge Gamification},
author = {Guerra, Eduardo M},
year = {2011},
url = {http://esfinge.sourceforge.net/Gamification.html},
urldate = {2019-04-12}
}

@book{guerra2014componentes,
  title={Componentes reutiliz{\'a}veis em Java com Reflex{\~a}o e Anota{\c{c}}{\~o}es},
  author={Guerra, Eduardo},
  year={2014},
  publisher={Editora Casa do C{\'o}digo}
}

@book{gamma1995design,
  title={Design patterns: elements of reusable object-oriented software},
  author={Gamma, Erich},
  year={1995},
  publisher={Pearson Education India}
}

@article{bloch2004jsr,
  title={JSR 175: A metadata facility for the Java programming language},
  author={Bloch, Joshua and others},
  year={2004}
}

@inproceedings{silva2013extensible,
  title={An Extensible and Decoupled Architectural Model for Authorization Frameworks},
  author={Silva, Jefferson O and Guerra, Eduardo M and Fernandes, Clovis T},
  booktitle={International Conference on Computational Science and Its Applications},
  pages={614--628},
  year={2013},
  organization={Springer}
}

@inproceedings{sandhu2000nist,
  title={The NIST model for role-based access control: towards a unified standard},
  author={Sandhu, Ravi and Ferraiolo, David and Kuhn, Richard and others},
  booktitle={ACM workshop on Role-based access control},
  volume={2000},
  pages={1--11},
  year={2000}
}

@article{burke2012behind,
  title={Behind the scenes of Foldit, pioneering science gamification},
  author={Burke, Katie},
  journal={American Scientist},
  volume={100},
  number={6},
  pages={1},
  year={2012}
}

@inproceedings{deterding2011gamification,
  title={Gamification. using game-design elements in non-gaming contexts},
  author={Deterding, Sebastian and Sicart, Miguel and Nacke, Lennart and O'Hara, Kenton and Dixon, Dan},
  booktitle={CHI'11 extended abstracts on human factors in computing systems},
  pages={2425--2428},
  year={2011},
  organization={ACM}
}

@article{hu2015attribute,
  title={Attribute-based access control},
  author={Hu, Vincent C and Kuhn, D Richard and Ferraiolo, David F},
  journal={Computer},
  volume={48},
  number={2},
  pages={85--88},
  year={2015},
  publisher={IEEE}
}

@article{lindqvist2006mandatory,
  title={Mandatory access control},
  author={Lindqvist, Hakan},
  journal={Master's Thesis in Computing Science, Umea University, Department of Computing Science, SE-901},
  volume={87},
  year={2006}
}

@Comment{jabref-meta: databaseType:bibtex;}

@misc{introductionToTheJavaProgrammingEnvironment, 
    title={Chapter 1 Introduction to the Java Programming Environment}, 
    url={https://docs.oracle.com/cd/E19455-01/806-3461/6jck06gqb/index.html}, 
    journal={Chapter 1 Introduction to the Java Programming Environment (JDK 1.1 for Solaris Developer's Guide)},
    note = {Online; accessed 13 april 2019},
    year=2010
}